@inproceedings{Schoeffler2015wac,
    title = {{Towards the Next Generation of Web-based Experiments: A Case Study Assessing Basic Audio Quality Following the ITU-R Recommendation BS.1534 (MUSHRA)}},
    year = {2015},
    booktitle = {1st Web Audio Conference},
    author = {Schoeffler, Michael and St{\"{o}}ter, Fabian-Robert and Edler, Bernd and Herre, Jürgen},
    address = {Paris, France}
}

@article{Allen1979ImageMethod,
    title = {{Image method for efficiently simulating small‐room acoustics}},
    year = {1979},
    journal = {The Journal of the Acoustical Society of America},
    author = {Allen, Jont B and Berkley, David A},
    number = {4},
    pages = {943--950},
    volume = {65},
    doi = {10.1121/1.382599}
}

@article{Yu2015,
    title = {{A Novel Soundproof Ventilation Plant Design with High Performance and No Energy Consumption}},
    year = {2015},
    journal = {Mathematical Problems in Engineering},
    author = {Yu, Ya Lin and Chao, Yu Tin and Lee, Lai Chung and Yen, Jia Yush and Fan, Yun Chiu},
    pages = {1--10},
    volume = {2015}
}

@article{Hartigan1979,
    title = {{Algorithm AS 136: A K-Means Clustering Algorithm}},
    year = {1979},
    journal = {Journal of the Royal Statistical Society. Series C (Applied Statistics)},
    author = {Hartigan, J A and Wong, M A},
    number = {1},
    pages = {100--108},
    volume = {28},
    publisher = {[Wiley, Royal Statistical Society]},
    issn = {00359254, 14679876}
}

@article{bezdek1984fcm,
    title = {{FCM: The fuzzy c-means clustering algorithm}},
    year = {1984},
    journal = {Computers {\&} Geosciences},
    author = {Bezdek, James C and Ehrlich, Robert and Full, William},
    number = {2-3},
    pages = {191--203},
    volume = {10},
    publisher = {Elsevier}
}

@article{yu2013feature,
    title = {{Feature learning in deep neural networks-studies on speech recognition tasks}},
    year = {2013},
    journal = {arXiv preprint arXiv:1301.3605},
    author = {Yu, Dong and Seltzer, Michael L and Li, Jinyu and Huang, Jui-Ting and Seide, Frank}
}

@book{benesty2008microphone,
    title = {{Microphone array signal processing}},
    year = {2008},
    author = {Benesty, Jacob and Chen, Jingdong and Huang, Yiteng},
    volume = {1},
    publisher = {Springer Science {\&} Business Media}
}

@article{kuhnerobust,
    title = {{Robust Source Localization in Reverberant Environments Based on Weighted Fuzzy Clustering}},
    year = {2009},
    journal = {IEEE Signal Processing Letters},
    author = {Kuhne, M and Togneri, R and Nordholm, S},
    number = {2},
    month = {2},
    pages = {85},
    volume = {16},
    doi = {10.1109/LSP.2008.2009833},
    issn = {1070-9908},
    keywords = {acoustic signal processing;fuzzy set theory;microp}
}

@article{darwin2008listening,
    title = {{Listening to speech in the presence of other sounds}},
    year = {2008},
    journal = {Philosophical Transactions of the Royal Society B: Biological Sciences},
    author = {Darwin, C J},
    number = {1493},
    pages = {1011--1021},
    volume = {363},
    publisher = {The Royal Society}
}

@inproceedings{Wabnitz2010RoomArrays,
    title = {{Room acoustics simulation for multichannel microphone arrays}},
    year = {2010},
    booktitle = {the International Symposium on Room Acoustics, ISRA 2010, Melbourne, Australia},
    author = {Wabnitz, Andrew and Epain, Nicolas and Jin, Craig and Van Schaik, André}
}

@inproceedings{Astolfi2004GoodPrivacy,
    title = {{Good Acoustical Quality in Restaurants: a Compromise Between Speech Intelligibility and Privacy}},
    year = {2004},
    booktitle = {proc. of ICA, Kyoto},
    author = {Astolfi, A and Filippi, M}
}

@book{White1980PhysicsSound,
    title = {{Physics and music : the science of musical sound}},
    year = {1980},
    author = {White, Harvey Elliott and White, Donald H.},
    pages = {375},
    publisher = {Saunders College Pub},
    isbn = {0030452465}
}

@article{Knapp1976TheDelay,
    title = {{The generalized correlation method for estimation of time delay}},
    year = {1976},
    journal = {IEEE Transactions on Acoustics, Speech, and Signal Processing},
    author = {Knapp, C. and Carter, G.},
    number = {4},
    month = {8},
    pages = {320--327},
    volume = {24},
    doi = {10.1109/TASSP.1976.1162830},
    issn = {0096-3518}
}

@article{Balazs2010TimeFrequencyMasking,
    title = {{Time–Frequency Sparsity by Removing Perceptually Irrelevant Components Using a Simple Model of Simultaneous Masking}},
    year = {2010},
    journal = {IEEE Transactions on Audio, Speech and Language Processing},
    author = {Balazs, P. and Laback, B. and Eckel, G. and Deutsch, W.A.},
    number = {1},
    month = {1},
    pages = {34--49},
    volume = {18},
    doi = {10.1109/TASL.2009.2023164},
    issn = {1558-7916}
}

@inproceedings{JourjineBlindMixtures,
    title = {{Blind separation of disjoint orthogonal signals: demixing N sources from 2 mixtures}},
    booktitle = {2000 IEEE International Conference on Acoustics, Speech, and Signal Processing. Proceedings (Cat. No.00CH37100)},
    author = {Jourjine, A. and Rickard, S. and Yilmaz, O.},
    pages = {2985--2988},
    volume = {5},
    publisher = {IEEE},
    isbn = {0-7803-6293-4},
    doi = {10.1109/ICASSP.2000.861162}
}

@article{Yilmaz2004BlindMasking,
    title = {{Blind Separation of Speech Mixtures via Time-Frequency Masking}},
    year = {2004},
    journal = {IEEE Transactions on Signal Processing},
    author = {Yilmaz, O. and Rickard, S.},
    number = {7},
    month = {7},
    pages = {1830--1847},
    volume = {52},
    doi = {10.1109/TSP.2004.828896},
    issn = {1053-587X}
}

@misc{Habets2017RoomMATLAB,
    title = {{Room impulse response generator for MATLAB}},
    year = {2017},
    author = {Habets, E.A.P},
    url = {https://www.audiolabs-erlangen.de/fau/professor/habets/software/rir-generator}
}

@article{Cherry1953SomeEars,
    title = {{Some Experiments on the Recognition of Speech, with One and with Two Ears}},
    year = {1953},
    journal = {The Journal of the Acoustical Society of America},
    author = {Cherry, E. Colin},
    number = {5},
    month = {9},
    pages = {975--979},
    volume = {25},
    publisher = {Acoustical Society of America},
    doi = {10.1121/1.1907229},
    issn = {0001-4966}
}

@article{Murphy2008HybridSimulation,
    title = {{Hybrid Room Impulse Response Synthesis in Digital Waveguide Mesh Based Room Acoustics Simulation}},
    year = {2008},
    journal = {Proceedings of the 11th International Conference on Digital Audio Effects},
    author = {Murphy, Damian and Beeson, Mark and Shelley, Simon and Moore, Alastair and Southern, Alex},
    pages = {2--9},
    isbn = {9789512295173},
    keywords = {AA}
}

@article{Mitchell1971SignalEffect,
    title = {{Signal Processing For A Cocktail Party Effect}},
    year = {1971},
    journal = {The Journal of the Acoustical Society of America},
    author = {Mitchell, O M and Ross, C A and Yates, G H},
    number = {2},
    pages = {656--660},
    volume = {50},
    doi = {10.1121/1.1912680},
    issn = {00014966}
}

@article{Rendall2005PitchAllometry,
    title = {{Pitch (F0) and formant profiles of human vowels and vowel-like baboon grunts: The role of vocalizer body size and voice-acoustic allometry}},
    year = {2005},
    journal = {The Journal of the Acoustical Society of America},
    author = {Rendall, Drew and Kollias, Sophie and Ney, Christina and Lloyd, Peter},
    number = {2},
    month = {2},
    pages = {944--955},
    volume = {117},
    publisher = {Acoustical Society of America},
    isbn = {0001-4966 (Print){\textbackslash}r0001-4966 (Linking)},
    doi = {10.1121/1.1848011},
    issn = {0001-4966},
    pmid = {15759713},
    keywords = {bioacoustics, biocommunications, speech}
}

@misc{Brookes1997VOICEBOX:MATLAB.,
    title = {{VOICEBOX: A speech processing toolbox for MATLAB.}},
    year = {1997},
    author = {Brookes, M. D.},
    url = {http://www.ee.ic.ac.uk/hp/staff/dmb/voicebox/voicebox.html}
}

@book{Naylor2010SpeechDereverberation,
    title = {{Speech Dereverberation}},
    year = {2010},
    author = {Naylor, Patrick A. and Gaubitch, Nikolay D.},
    pages = {388},
    publisher = {Springer},
    isbn = {9781849960564}
}

@article{ITU-T2011ITU-TLevel,
    title = {{ITU-T P.56 Objective measurement of active speech level}},
    year = {2011},
    journal = {ITU-T Recommendation},
    author = {{ITU-T}},
    volume = {5},
    keywords = {56, P, P.56}
}

@article{Mosayyebpour2012Single-microphoneResponse,
    title = {{Single-microphone LP residual skewness-based inverse filtering of the room impulse response}},
    year = {2012},
    journal = {IEEE Transactions on Audio, Speech and Language Processing},
    author = {Mosayyebpour, Saeed and Sheikhzadeh, Hamid and Gulliver, T. Aaron and Esmaeili, Morteza},
    number = {5},
    month = {7},
    pages = {1617--1632},
    volume = {20},
    doi = {10.1109/TASL.2012.2186804},
    issn = {15587916},
    keywords = {Higher order statistics (HOS), inverse filtering, linear prediction (LP) residual, room impulse response (RIR), single-microphone, skewness}
}

@article{Wang1992AnCoders,
    title = {{An Objective Measure for Predicting Subjective Quality of Speech Coders}},
    year = {1992},
    journal = {IEEE Journal on Selected Areas in Communications},
    author = {Wang, Shihua and Sekey, Andrew and Gersho, Allen},
    number = {5},
    month = {6},
    pages = {819--829},
    volume = {10},
    isbn = {0733-8716 VO - 10},
    doi = {10.1109/49.138987},
    issn = {07338716}
}

@inproceedings{Schimmel2009ASimulator,
    title = {{A fast and accurate “shoebox” room acoustics simulator}},
    year = {2009},
    booktitle = {2009 IEEE International Conference on Acoustics, Speech and Signal Processing},
    author = {Schimmel, Steven M and Muller, Martin F. and Dillier, Norbert},
    month = {4},
    pages = {241--244},
    publisher = {IEEE},
    isbn = {978-1-4244-2353-8},
    doi = {10.1109/ICASSP.2009.4959565},
    issn = {15206149}
}

@inproceedings{Yi2012ThePOLQA,
    title = {{The perceptual objective listening quality assessment algorithm in telecommunication: Introduction of ITU-T new metrics POLQA}},
    year = {2012},
    booktitle = {2012 1st IEEE International Conference on Communications in China, ICCC 2012},
    author = {Yi, Gaoxiong and Zhang, Wei},
    month = {8},
    pages = {351--355},
    publisher = {IEEE},
    isbn = {9781467328159},
    doi = {10.1109/ICCChina.2012.6356906},
    keywords = {Objective speech quality assessment, PESQ, POLQA, PSQM}
}

@inproceedings{RixPerceptualCodecs,
    title = {{Perceptual evaluation of speech quality (PESQ)-a new method for speech quality assessment of telephone networks and codecs}},
    booktitle = {2001 IEEE International Conference on Acoustics, Speech, and Signal Processing. Proceedings (Cat. No.01CH37221)},
    author = {Rix, A.W. and Beerends, J.G. and Hollier, M.P. and Hekstra, A.P.},
    pages = {749--752},
    volume = {2},
    publisher = {IEEE},
    isbn = {0-7803-7041-4},
    doi = {10.1109/ICASSP.2001.941023},
    issn = {1520-6149},
    pmid = {18469715},
    arxivId = {arXiv:1011.1669v3}
}

@inproceedings{Jeub2012NoiseDifferences,
    title = {{Noise reduction for dual-microphone mobile phones exploiting power level differences}},
    year = {2012},
    booktitle = {ICASSP, IEEE International Conference on Acoustics, Speech and Signal Processing - Proceedings},
    author = {Jeub, Marco and Herglotz, Christian and Nelke, Christoph and Beaugeant, Christophe and Vary, Peter},
    month = {3},
    pages = {1693--1696},
    publisher = {IEEE},
    isbn = {9781467300469},
    doi = {10.1109/ICASSP.2012.6288223},
    issn = {15206149},
    keywords = {Noise reduction, dual-channel, noise estimation, power level difference, speech enhancement}
}

@book{Freeman2005FundamentalsTelecommunications,
    title = {{Fundamentals of telecommunications}},
    year = {2005},
    author = {Freeman, Roger L.},
    pages = {675},
    publisher = {John Wiley {\&} Sons.},
    isbn = {9780471710455}
}

@article{Kuhne2010ASeparation,
    title = {{A novel fuzzy clustering algorithm using observation weighting and context information for reverberant blind speech separation}},
    year = {2010},
    journal = {Signal Processing},
    author = {K{\"{u}}hne, Marco and Togneri, Roberto and Nordholm, Sven},
    number = {2},
    pages = {653--669},
    volume = {90},
    isbn = {0165-1684},
    doi = {10.1016/j.sigpro.2009.08.005},
    issn = {01651684},
    keywords = {Adaptive beamforming, Blind source separation, Fuzzy clustering, Reverberation, Robustness, Time-frequency masking}
}

@article{Hinich1978ProcessingAliased-arrays,
    title = {{Processing spatially aliased-arrays}},
    year = {1978},
    journal = {The Journal of the Acoustical Society of America},
    author = {Hinich, Melvin J},
    number = {3},
    pages = {792--794},
    volume = {64},
    keywords = {4360Gk, PACS numbers}
}

@incollection{Rabinovich2013TypicalMethods,
    title = {{Typical Array Geometries and Basic Beam Steering Methods}},
    year = {2013},
    booktitle = {Antenna Arrays and Automotive Applications},
    author = {Rabinovich, Victor and Alexandrov, Nikolai},
    pages = {23--54},
    publisher = {Springer New York},
    address = {New York, NY},
    doi = {10.1007/978-1-4614-1074-4{\_}2}
}

@article{Firoozabadi2014SubbandSpeakers,
    title = {{Subband processing-based approach for the localisation of two simultaneous speakers}},
    year = {2014},
    journal = {IET Signal Processing},
    author = {Firoozabadi, Ali Dehghan and Abutalebi, Hamid Reza},
    number = {August 2013},
    month = {12},
    pages = {996--1008},
    volume = {8},
    doi = {10.1049/iet-spr.2013.0475},
    issn = {1751-9675}
}

@article{Blin2005UnderdeterminedEstimation,
    title = {{Underdetermined blind separation of convolutive mixtures of speech using time-frequency mask and mixing matrix estimation}},
    year = {2005},
    journal = {IEICE Transactions on Fundamentals of Electronics, Communications and Computer Sciences},
    author = {Blin, Audrey and Araki, Shoko and Makino, Shoji},
    number = {7},
    pages = {1693--1699},
    volume = {E88-A},
    doi = {10.1093/ietfec/e88-a.7.1693},
    issn = {17451337},
    keywords = {Blind, Convolutive, Distortion, Mixing matrix, Musical noise, Source separation, Sparseness of speech, Time-frequency mask, Underdetermined}
}

@article{Araki2007UnderdeterminedSensors,
    title = {{Underdetermined blind sparse source separation for arbitrarily arranged multiple sensors}},
    year = {2007},
    journal = {Signal Processing},
    author = {Araki, Shoko and Sawada, Hiroshi and Mukai, Ryo and Makino, Shoji},
    number = {8},
    month = {8},
    pages = {1833--1847},
    volume = {87},
    publisher = {Elsevier North-Holland, Inc.},
    isbn = {0921-8890},
    doi = {10.1016/j.sigpro.2007.02.003},
    issn = {01651684},
    keywords = {Binary mask, Blind source separation, Clustering, Normalization, Reverberation, Sparseness, Speech separation}
}

@article{Faller2004SourceCoherence,
    title = {{Source localization in complex listening situations: Selection of binaural cues based on interaural coherence}},
    year = {2004},
    journal = {The Journal of the Acoustical Society of America},
    author = {Faller, Christof and Merimaa, Juha},
    number = {5},
    pages = {3075--3089},
    volume = {116},
    isbn = {0001-4966},
    doi = {10.1121/1.1791872},
    issn = {0001-4966},
    pmid = {15603153}
}

@article{Sawada2011UnderdeterminedAlignment,
    title = {{Underdetermined convolutive blind source separation via frequency bin-wise clustering and permutation alignment}},
    year = {2011},
    journal = {IEEE Transactions on Audio, Speech and Language Processing},
    author = {Sawada, Hiroshi and Araki, Shoko and Makino, Shoji},
    number = {3},
    month = {3},
    pages = {516--527},
    volume = {19},
    isbn = {1558-7916},
    doi = {10.1109/TASL.2010.2051355},
    issn = {15587916},
    keywords = {Blind source separation (BSS), convolutive mixture, expectationmaximization (EM) algorithm, permutation problem, short-time Fourier transform (STFT), sparseness, timefrequency (TF) masking}
}

@inproceedings{Jafari2014Time-frequencySeparation,
    title = {{Time-frequency clustering with weighted and contextual information for convolutive blind source separation}},
    year = {2014},
    booktitle = {IEEE Workshop on Statistical Signal Processing Proceedings},
    author = {Jafari, Ingrid and Atcheson, Matt and Togneri, Roberto and Nordholm, Sven},
    month = {6},
    pages = {157--160},
    publisher = {IEEE},
    isbn = {9781479949755},
    doi = {10.1109/SSP.2014.6884599},
    keywords = {blind source separation, contextual information, fuzzy c-means clustering, observation weights, time-frequency masking}
}

@incollection{Rickard2007TheSeparation,
    title = {{The DUET Blind Source Separation}},
    year = {2007},
    booktitle = {Blind Speech Separation},
    author = {Rickard, Scott},
    pages = {217--241},
    isbn = {978-1-4020-6479-1},
    doi = {10.1007/978-1-4020-6479-1{\_}8},
    keywords = {blind source separation, independent component analysis, sparse component analysis, unsupervised learning}
}

@inproceedings{Heymann2016NeuralBeamforming,
    title = {{Neural network based spectral mask estimation for acoustic beamforming}},
    year = {2016},
    booktitle = {ICASSP, IEEE International Conference on Acoustics, Speech and Signal Processing - Proceedings},
    author = {Heymann, Jahn and Drude, Lukas and Haeb-Umbach, Reinhold},
    month = {3},
    pages = {196--200},
    volume = {2016-May},
    publisher = {IEEE},
    isbn = {9781479999880},
    doi = {10.1109/ICASSP.2016.7471664},
    issn = {15206149},
    keywords = {Acoustic Beam-forming, Deep Neural Network, Feature Enhancement, Robust Speech Recognition}
}

@article{InternationalTelecommunicationUnion2015ITU-RSystems,
    title = {{ITU-R BS.1534-3, Method for the subjective assessment of intermediate quality level of audio systems}},
    year = {2015},
    journal = {ITU-R Recommendation},
    author = {{International Telecommunication Union}},
    pages = {1534--3},
    volume = {1534-3}
}

@article{Emiya2011SubjectiveSeparation,
    title = {{Subjective and objective quality assessment of audio source separation}},
    year = {2011},
    journal = {IEEE Transactions on Audio, Speech and Language Processing},
    author = {Emiya, Valentin and Vincent, Emmanuel and Harlander, Niklas and Hohmann, Volker},
    number = {7},
    month = {9},
    pages = {2046--2057},
    volume = {19},
    isbn = {1558-7916 VO - 19},
    doi = {10.1109/TASL.2011.2109381},
    issn = {15587916},
    keywords = {Audio, objective measure, quality assessment, source separation, subjective test protocol}
}

@article{Vincent2006PerformanceSeparation,
    title = {{Performance measurement in blind audio source separation}},
    year = {2006},
    journal = {IEEE Transactions on Audio, Speech and Language Processing},
    author = {Vincent, Emmanuel and Gribonval, Rémi and Fevotte, C},
    number = {4},
    pages = {1462--1469},
    volume = {14},
    publisher = {Institute of Electrical and Electronics Engineers},
    isbn = {1558-7916},
    doi = {Doi 10.1109/Tsa.2005.858005},
    issn = {1558-7916},
    keywords = {audio source separation, evaluation, measure, performance, quality}
}

@misc{Fevotte2005BSS_EVAL2.0,
    title = {{BSS{\_}EVAL Toolbox User Guide – Revision 2.0}},
    year = {2005},
    author = {F{\'{e}}votte, Cédric and Gribonval, Rémi and Vincent, Emmanuel},
    volume = {19},
    url = {https://hal.inria.fr/inria-00564760/document}
}

@article{Griffiths1982AnBeamforming,
    title = {{An alternative approach to linearly constrained adaptive beamforming}},
    year = {1982},
    journal = {IEEE Transactions on Antennas and Propagation},
    author = {Griffiths, L. and Jim, C.},
    number = {1},
    month = {1},
    pages = {27--34},
    volume = {30},
    isbn = {0018-926X},
    doi = {10.1109/TAP.1982.1142739},
    issn = {0096-1973},
    pmid = {1142739}
}

@article{Rickard2002OnSpeech,
    title = {{On the approximate W-disjoint orthogonality of speech}},
    year = {2002},
    journal = {ICASSP, IEEE International Conference on Acoustics, Speech and Signal Processing - Proceedings},
    author = {Rickard, Scott and Yilmaz, Ozgür},
    month = {5},
    pages = {529--532},
    volume = {1},
    publisher = {IEEE},
    isbn = {0-7803-7402-9},
    doi = {10.1109/ICASSP.2002.5743771},
    issn = {15206149}
}

@article{Chu2002DetailedTalkers,
    title = {{Detailed Directivity of Sound Fields Around Human Talkers}},
    year = {2002},
    journal = {Research Report (National Research Council Canada. Institute for Research in Construction); no. RR-104},
    author = {Chu, W T and Warnock, A C C},
    publisher = {National Research Council Canada},
    doi = {10.4224/20378930},
    keywords = {Confidentialit{\'{e}} des entretiens, Speech security},
    language = {eng}
}

@misc{TheLabBookPagesDelayCalculation,
    title = {{Delay Calculation}},
    author = {{The Lab Book Pages}},
    url = {http://www.labbookpages.co.uk/audio/beamforming/delayCalc.html}
}

@misc{GuidoDietlBeamformingArray,
    title = {{Beamforming with Linear Antenna Array}},
    booktitle = {GeoGebra},
    author = {{Guido Dietl}},
    url = {https://www.geogebra.org/m/ArF3sKpW}
}

@incollection{Bezdek1981ObjectiveClustering,
    title = {{Objective Function Clustering}},
    year = {1981},
    booktitle = {Pattern Recognition with Fuzzy Objective Function Algorithms},
    author = {Bezdek, James C.},
    pages = {43--93},
    publisher = {Springer US},
    address = {Boston, MA},
    doi = {10.1007/978-1-4757-0450-1{\_}3}
}

@article{Melia2007UnderdeterminedDESPRIT,
    title = {{Underdetermined blind source separation in echoic environments using DESPRIT}},
    year = {2007},
    journal = {Eurasip Journal on Advances in Signal Processing},
    author = {Melia, Thomas and Rickard, Scott},
    number = {19},
    volume = {2007},
    publisher = {Hindawi Publishing Corporation},
    url = {https://link.springer.com/content/pdf/10.1155/2007/86484.pdf},
    doi = {10.1155/2007/86484},
    issn = {11108657}
}

@article{Sabine1966CollectedAcoustics,
    title = {{Collected Papers on Acoustics}},
    year = {1966},
    journal = {American Journal of Physics},
    author = {Sabine, Wallace Clement and Dwight, C. Harrison},
    number = {4},
    month = {4},
    pages = {370--371},
    volume = {34},
    isbn = {140765828X},
    doi = {10.1119/1.1972994},
    issn = {0002-9505},
    pmid = {25246403},
    arxivId = {arXiv:1011.1669v3}
}

@article{Arthur2006HowMethod,
    title = {{How slow is the k-means method?}},
    year = {2006},
    journal = {Proceedings of the twenty-second annual symposium on Computational geometry - SCG '06},
    author = {Arthur, David and Vassilvitskii, Sergei},
    pages = {144},
    isbn = {1595933409},
    doi = {10.1145/1137856.1137880},
    keywords = {algorithm lies in its, for some recent applications, k-means, local search, lower bounds, simplicity and its observed, speed, the, the main attraction of}
}

@article{Yang2010AnClustering,
    title = {{An Initialization Method for Fuzzy C-means Algorithm Using Subtractive Clustering}},
    year = {2010},
    journal = {2010 Third International Conference on Intelligent Networks and Intelligent Systems},
    author = {Yang, Qing and Zhang, Dongxu and Tian, Feng},
    month = {11},
    pages = {393--396},
    publisher = {IEEE},
    isbn = {978-0-7695-4249-2},
    doi = {10.1109/ICINIS.2010.171},
    keywords = {cluster, fuzzy c-means algorithm, initial cluster number, subtractive clustering}
}

@article{Loesch2008SourceSeparation,
    title = {{Source number estimation and clustering for underdetermined blind source separation}},
    year = {2008},
    journal = {Proceedings of the 11th International Workshop on Acoustic Echo and Noise Control},
    author = {Loesch, Benedikt and Yang, Bin},
    number = {5},
    pages = {943--952}
}

@article{Pal1995OnModel,
    title = {{On Cluster Validity for the Fuzzy c-Means Model}},
    year = {1995},
    journal = {IEEE Transactions on Fuzzy Systems},
    author = {Pal, Nikhil R. and Bezdek, James C.},
    number = {3},
    pages = {370--379},
    volume = {3},
    isbn = {1063-6706},
    doi = {10.1109/91.413225},
    issn = {19410034}
}

@article{Jiang2014BinauralNetworks,
    title = {{Binaural classification for reverberant speech segregation using deep neural networks}},
    year = {2014},
    journal = {IEEE/ACM Transactions on Audio Speech and Language Processing},
    author = {Jiang, Yi and Wang, De Liang and Liu, Run Sheng and Feng, Zhen Ming},
    number = {12},
    month = {12},
    pages = {2112--2121},
    volume = {22},
    doi = {10.1109/TASLP.2014.2361023},
    issn = {23299290},
    keywords = {Binary classification, Computational auditory scene analysis (CASA), Deep neural networks (DNNs), Room reverberation, Speech segregation}
}

@article{Huang2015JointSeparation,
    title = {{Joint Optimization of Masks and Deep Recurrent Neural Networks for Monaural Source Separation}},
    year = {2015},
    journal = {IEEE/ACM Transactions on Audio Speech and Language Processing},
    author = {Huang, Po Sen and Kim, Minje and Hasegawa-Johnson, Mark and Smaragdis, Paris},
    number = {12},
    pages = {2136--2147},
    volume = {23},
    isbn = {2329-9290},
    doi = {10.1109/TASLP.2015.2468583},
    issn = {23299290},
    arxivId = {1502.04149},
    keywords = {Deep recurrent neural network (DRNN), discriminative training, monaural source separation, time-frequency masking}
}

@misc{Aarts2012TwoSmartphones,
    title = {{Two Sensor Array Beamforming Algorithm for Android Smartphones}},
    year = {2012},
    booktitle = {Thesis bachelor},
    author = {Aarts, Mark and Pries, Hendrik and Doff, Arjan},
    url = {https://repository.tudelft.nl/islandora/object/uuid:7b7b6fda-3446-49ee-84b0-4b7540914b80}
}

@article{ITU-T2006P.800.1:Terminology,
    title = {{P.800.1: Mean Opinion Score (MOS) terminology}},
    year = {2006},
    journal = {ITU-T Recommendation},
    author = {{ITU-T}},
    pages = {12},
    keywords = {itu, itu-t, itu-t recommendations, p.800.1, p8001, recommendation}
}

@article{ITU-T1996P.800:Quality,
    title = {{P.800: Methods for subjective determination of transmission quality}},
    year = {1996},
    journal = {ITU-T Recommendation},
    author = {{ITU-T}},
    volume = {800}
}

@article{ITU-T2003Rec.MOS-LQO,
    title = {{Rec. P.862.1, Mapping function for transforming P.862 raw result scores to MOS-LQO}},
    year = {2003},
    journal = {International Telecommunication Union},
    author = {{ITU-T}}
}

@misc{Schmidhuber2015DeepOverview,
    title = {{Deep Learning in neural networks: An overview}},
    year = {2015},
    booktitle = {Neural Networks},
    author = {Schmidhuber, Jürgen},
    month = {4},
    pages = {85--117},
    volume = {61},
    isbn = {0893-6080},
    doi = {10.1016/j.neunet.2014.09.003},
    issn = {18792782},
    pmid = {25462637},
    arxivId = {1404.7828},
    keywords = {Deep learning, Evolutionary computation, Reinforcement learning, Supervised learning, Unsupervised learning}
}

@article{Souden2010AFilters,
    title = {{A study of the LCMV and MVDR noise reduction filters}},
    year = {2010},
    journal = {IEEE Transactions on Signal Processing},
    author = {Souden, Mehrez and Benesty, Jacob and Affes, Sofine},
    number = {9},
    month = {9},
    pages = {4925--4935},
    volume = {58},
    isbn = {1053-587X},
    doi = {10.1109/TSP.2010.2051803},
    issn = {1053587X},
    pmid = {5482097},
    keywords = {Beamforming, interference rejection, linearly constrained minimum variance (LCMV), minimum variance distortionless response (MVDR), noise reduction, speech enhancement}
}

@inproceedings{Habets2009OnEnhancement,
    title = {{On the application of the LCMV beamformer to speech enhancement}},
    year = {2009},
    booktitle = {IEEE Workshop on Applications of Signal Processing to Audio and Acoustics},
    author = {Habets, Emanuël A.P. and Benesty, Jacob and Gannot, Sharon and Naylor, Patrick A. and Cohen, Israel},
    month = {10},
    pages = {141--144},
    publisher = {IEEE},
    isbn = {9781424436798},
    doi = {10.1109/ASPAA.2009.5346463},
    issn = {1931-1168},
    keywords = {Beamforming, Linearly constrained minimum variance (LCMV) filte, Microphone arrays, Noise reduction, Speech enhancement}
}

@article{Taal2011AnSpeech,
    title = {{An algorithm for intelligibility prediction of time-frequency weighted noisy speech}},
    year = {2011},
    journal = {IEEE Transactions on Audio, Speech and Language Processing},
    author = {Taal, Cees H and Hendriks, Richard C and Heusdens, Richard and Jensen, Jesper},
    number = {7},
    pages = {2125--2136},
    volume = {19},
    isbn = {1558-7916},
    doi = {10.1109/TASL.2011.2114881},
    issn = {15587916},
    pmid = {22087929},
    arxivId = {arXiv:1011.1669v3},
    keywords = {Noise reduction, objective measure, speech enhancement, speech intelligibility prediction}
}