@article{Allen1979ImageAcoustics,
    title = {{Image method for efficiently simulating small‐room acoustics}},
    year = {1979},
    journal = {The Journal of the Acoustical Society of America},
    author = {Allen, Jont B. and Berkley, David A.},
    number = {4},
    month = {4},
    pages = {943--950},
    volume = {65},
    publisher = {Acoustical Society of America},
    url = {http://asa.scitation.org/doi/10.1121/1.382599},
    doi = {10.1121/1.382599},
    issn = {0001-4966}
}

@article{Wabnitz2010RoomArrays,
    title = {{Room acoustics simulation for multichannel microphone arrays}},
    year = {2010},
    author = {Wabnitz, Andrew and Epain, Nicolas and Jin, Craig and Van Schaik, André},
    url = {https://pdfs.semanticscholar.org/3a63/d433cb178a78a11a1f109a11de8693c1bab9.pdf}
}

@article{AstolfiGoodPrivacy,
    title = {{Good Acoustical Quality in Restaurants: a Compromise Between Speech Intelligibility and Privacy}},
    author = {Astolfi, A and Filippi, M},
    url = {http://www.icacommission.org/Proceedings/ICA2004Kyoto/pdf/Tu4.B1.5.pdf}
}

@book{White1980PhysicsSound,
    title = {{Physics and music : the science of musical sound}},
    year = {1980},
    author = {White, Harvey Elliott and White, Donald H.},
    pages = {375},
    publisher = {Saunders College Pub},
    isbn = {0030452465}
}

@article{Knapp1976TheDelay,
    title = {{The generalized correlation method for estimation of time delay}},
    year = {1976},
    journal = {IEEE Transactions on Acoustics, Speech, and Signal Processing},
    author = {Knapp, C. and Carter, G.},
    number = {4},
    month = {8},
    pages = {320--327},
    volume = {24},
    url = {http://ieeexplore.ieee.org/document/1162830/},
    doi = {10.1109/TASSP.1976.1162830},
    issn = {0096-3518}
}

@article{Balazs2010TimeFrequencyMasking,
    title = {{Time–Frequency Sparsity by Removing Perceptually Irrelevant Components Using a Simple Model of Simultaneous Masking}},
    year = {2010},
    journal = {IEEE Transactions on Audio, Speech, and Language Processing},
    author = {Balazs, P. and Laback, B. and Eckel, G. and Deutsch, W.A.},
    number = {1},
    month = {1},
    pages = {34--49},
    volume = {18},
    url = {http://ieeexplore.ieee.org/document/5061594/},
    doi = {10.1109/TASL.2009.2023164},
    issn = {1558-7916}
}

@inproceedings{JourjineBlindMixtures,
    title = {{Blind separation of disjoint orthogonal signals: demixing N sources from 2 mixtures}},
    booktitle = {2000 IEEE International Conference on Acoustics, Speech, and Signal Processing. Proceedings (Cat. No.00CH37100)},
    author = {Jourjine, A. and Rickard, S. and Yilmaz, O.},
    pages = {2985--2988},
    volume = {5},
    publisher = {IEEE},
    url = {http://ieeexplore.ieee.org/document/861162/},
    isbn = {0-7803-6293-4},
    doi = {10.1109/ICASSP.2000.861162}
}

@article{Yilmaz2004BlindMasking,
    title = {{Blind Separation of Speech Mixtures via Time-Frequency Masking}},
    year = {2004},
    journal = {IEEE Transactions on Signal Processing},
    author = {Yilmaz, O. and Rickard, S.},
    number = {7},
    month = {7},
    pages = {1830--1847},
    volume = {52},
    url = {http://ieeexplore.ieee.org/document/1306640/},
    doi = {10.1109/TSP.2004.828896},
    issn = {1053-587X}
}

@misc{Habets2017RoomMATLAB,
    title = {{Room impulse response generator for MATLAB}},
    year = {2017},
    author = {Habets, E.A.P},
    url = {https://www.audiolabs-erlangen.de/fau/professor/habets/software/rir-generator}
}

@article{Cherry1953SomeEars,
    title = {{Some Experiments on the Recognition of Speech, with One and with Two Ears}},
    year = {1953},
    journal = {The Journal of the Acoustical Society of America},
    author = {Cherry, E. Colin},
    number = {5},
    month = {9},
    pages = {975--979},
    volume = {25},
    publisher = {Acoustical Society of America},
    url = {http://asa.scitation.org/doi/10.1121/1.1907229},
    doi = {10.1121/1.1907229},
    issn = {0001-4966}
}

@article{Murphy2008HybridSimulation,
    title = {{Hybrid Room Impulse Response Synthesis in Digital Waveguide Mesh Based Room Acoustics Simulation}},
    year = {2008},
    journal = {Proceedings of the 11th International Conference on Digital Audio Effects},
    author = {Murphy, Damian and Beeson, Mark and Shelley, Simon and Moore, Alastair and Southern, Alex},
    pages = {2--9},
    url = {http://legacy.spa.aalto.fi/dafx08/papers/dafx08_24.pdf},
    isbn = {9789512295173},
    keywords = {AA}
}

@article{Mitchell1971SignalEffect,
    title = {{Signal Processing For A Cocktail Party Effect}},
    year = {1971},
    journal = {Journal Of The Acoustical Society Of America},
    author = {Mitchell, O M and Ross, C A and Yates, G H},
    number = {2},
    pages = {656--660},
    volume = {50},
    doi = {10.1121/1.1912680},
    issn = {00014966}
}

@article{Chu2002DetailedTalkers,
    title = {{Detailed Directivity of Sound Fields Around Human Talkers}},
    year = {2002},
    author = {Chu, W T ; and Warnock, A C C},
    url = {http://nparc.cisti-icist.nrc-cnrc.gc.ca/eng/copyright http://doi.org/10.4224/20378930 http://nparc.cisti-icist.nrc-cnrc.gc.ca/fra/droits http://nparc.cisti-icist.nrc-cnrc.gc.ca/eng/view/object/?id=c1449aba-ee5b-48de-8312-ec325d31ef37 http://nparc.cisti-ic},
    doi = {10.4224/20378930}
}

@article{RickardOnSpeech,
    title = {{On the approximate W-disjoint orthogonality of speech}},
    author = {Rickard, Scott and Yilmaz, Ozgür},
    url = {https://www.math.ubc.ca/~oyilmaz/preprints/icassp_bss2.pdf}
}

@article{Rendall2005PitchAllometry,
    title = {{Pitch (F0) and formant profiles of human vowels and vowel-like baboon grunts: The role of vocalizer body size and voice-acoustic allometry}},
    year = {2005},
    journal = {The Journal of the Acoustical Society of America},
    author = {Rendall, Drew and Kollias, Sophie and Ney, Christina and Lloyd, Peter},
    number = {2},
    month = {2},
    pages = {944--955},
    volume = {117},
    publisher = {Acoustical Society of America},
    url = {http://asa.scitation.org/doi/10.1121/1.1848011},
    isbn = {0001-4966 (Print){\textbackslash}r0001-4966 (Linking)},
    doi = {10.1121/1.1848011},
    issn = {0001-4966},
    pmid = {15759713},
    keywords = {bioacoustics, biocommunications, speech}
}

@misc{Brookes1997VOICEBOX:MATLAB.,
    title = {{VOICEBOX: A speech processing toolbox for MATLAB.}},
    year = {1997},
    author = {Brookes, M. D.},
    url = {http://www.ee.ic.ac.uk/hp/staff/dmb/voicebox/voicebox.html}
}

@book{Naylor2010SpeechDereverberation,
    title = {{Speech Dereverberation}},
    year = {2010},
    author = {Naylor, Patrick A. and Gaubitch, Nikolay D.},
    pages = {388},
    publisher = {Springer},
    isbn = {9781849960564}
}

@article{ITU-T2011Rec.Level,
    title = {{Rec. P.56, Objective measurement of active speech level}},
    year = {2011},
    journal = {International Telecommunication Union, Helsinki},
    author = {{ITU-T}},
    volume = {56},
    url = {http://www.itu.int/rec/T-REC-P.56/e},
    keywords = {56, P, P.56}
}

@article{Mosayyebpour2012Single-microphoneResponse,
    title = {{Single-microphone LP residual skewness-based inverse filtering of the room impulse response}},
    year = {2012},
    journal = {IEEE Transactions on Audio, Speech and Language Processing},
    author = {Mosayyebpour, Saeed and Sheikhzadeh, Hamid and Gulliver, T. Aaron and Esmaeili, Morteza},
    number = {5},
    month = {7},
    pages = {1617--1632},
    volume = {20},
    url = {http://ieeexplore.ieee.org/document/6145617/},
    doi = {10.1109/TASL.2012.2186804},
    issn = {15587916},
    keywords = {Higher order statistics (HOS), inverse filtering, linear prediction (LP) residual, room impulse response (RIR), single-microphone, skewness}
}

@article{Wang1992AnCoders,
    title = {{An Objective Measure for Predicting Subjective Quality of Speech Coders}},
    year = {1992},
    journal = {IEEE Journal on Selected Areas in Communications},
    author = {Wang, Shihua and Sekey, Andrew and Gersho, Allen},
    number = {5},
    month = {6},
    pages = {819--829},
    volume = {10},
    url = {http://ieeexplore.ieee.org/document/138987/},
    isbn = {0733-8716 VO - 10},
    doi = {10.1109/49.138987},
    issn = {07338716}
}

@inproceedings{Schimmel2009ASimulator,
    title = {{A fast and accurate “shoebox” room acoustics simulator}},
    year = {2009},
    booktitle = {2009 IEEE International Conference on Acoustics, Speech and Signal Processing},
    author = {Schimmel, Steven M and Muller, Martin F. and Dillier, Norbert},
    month = {4},
    pages = {241--244},
    publisher = {IEEE},
    url = {http://ieeexplore.ieee.org/lpdocs/epic03/wrapper.htm?arnumber=4959565},
    isbn = {978-1-4244-2353-8},
    doi = {10.1109/ICASSP.2009.4959565},
    issn = {15206149}
}

@inproceedings{Yi2012ThePOLQA,
    title = {{The perceptual objective listening quality assessment algorithm in telecommunication: Introduction of ITU-T new metrics POLQA}},
    year = {2012},
    booktitle = {2012 1st IEEE International Conference on Communications in China, ICCC 2012},
    author = {Yi, Gaoxiong and Zhang, Wei},
    month = {8},
    pages = {351--355},
    publisher = {IEEE},
    url = {http://ieeexplore.ieee.org/document/6356906/},
    isbn = {9781467328159},
    doi = {10.1109/ICCChina.2012.6356906},
    keywords = {Objective speech quality assessment, PESQ, POLQA, PSQM}
}

@inproceedings{RixPerceptualCodecs,
    title = {{Perceptual evaluation of speech quality (PESQ)-a new method for speech quality assessment of telephone networks and codecs}},
    booktitle = {2001 IEEE International Conference on Acoustics, Speech, and Signal Processing. Proceedings (Cat. No.01CH37221)},
    author = {Rix, A.W. and Beerends, J.G. and Hollier, M.P. and Hekstra, A.P.},
    pages = {749--752},
    volume = {2},
    publisher = {IEEE},
    url = {http://ieeexplore.ieee.org/document/941023/},
    isbn = {0-7803-7041-4},
    doi = {10.1109/ICASSP.2001.941023},
    issn = {1520-6149},
    pmid = {18469715},
    arxivId = {arXiv:1011.1669v3}
}

@article{RickardReal-timeSeparation,
    title = {{Real-time time-frequency based blind source separation}},
    author = {Rickard, Scott and Balan, Radu and Rosca, Justinian},
    url = {http://www.princeton.}
}

@inproceedings{Jeub2012NoiseDifferences,
    title = {{Noise reduction for dual-microphone mobile phones exploiting power level differences}},
    year = {2012},
    booktitle = {ICASSP, IEEE International Conference on Acoustics, Speech and Signal Processing - Proceedings},
    author = {Jeub, Marco and Herglotz, Christian and Nelke, Christoph and Beaugeant, Christophe and Vary, Peter},
    month = {3},
    pages = {1693--1696},
    publisher = {IEEE},
    url = {http://ieeexplore.ieee.org/document/6288223/},
    isbn = {9781467300469},
    doi = {10.1109/ICASSP.2012.6288223},
    issn = {15206149},
    keywords = {Noise reduction, dual-channel, noise estimation, power level difference, speech enhancement}
}

@book{Freeman2005FundamentalsTelecommunications,
    title = {{Fundamentals of telecommunications}},
    year = {2005},
    author = {Freeman, Roger L.},
    pages = {675},
    publisher = {John Wiley {\&} Sons.},
    isbn = {9780471710455}
}

@article{Kuhne2010ASeparation,
    title = {{A novel fuzzy clustering algorithm using observation weighting and context information for reverberant blind speech separation}},
    year = {2010},
    journal = {Signal Processing},
    author = {K{\"{u}}hne, Marco and Togneri, Roberto and Nordholm, Sven},
    number = {2},
    pages = {653--669},
    volume = {90},
    url = {https://espace.curtin.edu.au/bitstream/handle/20.500.11937/44787/135082_135082.pdf?sequence=2},
    isbn = {0165-1684},
    doi = {10.1016/j.sigpro.2009.08.005},
    issn = {01651684},
    keywords = {Adaptive beamforming, Blind source separation, Fuzzy clustering, Reverberation, Robustness, Time-frequency masking}
}

@article{Hinich1978ProcessingAliased-arrays,
    title = {{Processing spatially aliased-arrays}},
    year = {1978},
    journal = {Journal of the Acoustical Society of America},
    author = {Hinich, Melvin J},
    number = {3},
    pages = {792--794},
    volume = {64},
    url = {http://www.la.utexas.edu/hinich/files/Signal_processing/Spatially Aliased Arrays.pdf},
    keywords = {4360Gk, PACS numbers}
}

@incollection{Rabinovich2013TypicalMethods,
    title = {{Typical Array Geometries and Basic Beam Steering Methods}},
    year = {2013},
    booktitle = {Antenna Arrays and Automotive Applications},
    author = {Rabinovich, Victor and Alexandrov, Nikolai},
    pages = {23--54},
    publisher = {Springer New York},
    url = {http://link.springer.com/10.1007/978-1-4614-1074-4_2},
    address = {New York, NY},
    doi = {10.1007/978-1-4614-1074-4{\_}2}
}

@article{Firoozabadi2014SubbandSpeakers,
    title = {{Subband processing-based approach for the localisation of two simultaneous speakers}},
    year = {2014},
    journal = {IET Signal Processing},
    author = {Firoozabadi, Ali Dehghan and Abutalebi, Hamid Reza},
    number = {August 2013},
    month = {12},
    pages = {996--1008},
    volume = {8},
    url = {http://digital-library.theiet.org/content/journals/10.1049/iet-spr.2013.0475},
    doi = {10.1049/iet-spr.2013.0475},
    issn = {1751-9675}
}

@misc{Blin2005UnderdeterminedEstimation,
    title = {{Underdetermined blind separation of convolutive mixtures of speech using time-frequency mask and mixing matrix estimation}},
    year = {2005},
    booktitle = {IEICE Transactions on Fundamentals of Electronics, Communications and Computer Sciences},
    author = {Blin, Audrey and Araki, Shoko and Makino, Shoji},
    number = {7},
    pages = {1693--1699},
    volume = {E88-A},
    doi = {10.1093/ietfec/e88-a.7.1693},
    issn = {17451337},
    keywords = {Blind, Convolutive, Distortion, Mixing matrix, Musical noise, Source separation, Sparseness of speech, Time-frequency mask, Underdetermined}
}

@article{Araki2007UnderdeterminedSensors,
    title = {{Underdetermined blind sparse source separation for arbitrarily arranged multiple sensors}},
    year = {2007},
    journal = {Signal Processing},
    author = {Araki, Shoko and Sawada, Hiroshi and Mukai, Ryo and Makino, Shoji},
    number = {8},
    month = {8},
    pages = {1833--1847},
    volume = {87},
    publisher = {Elsevier North-Holland, Inc.},
    url = {http://linkinghub.elsevier.com/retrieve/pii/S0165168407000680},
    isbn = {0921-8890},
    doi = {10.1016/j.sigpro.2007.02.003},
    issn = {01651684},
    keywords = {Binary mask, Blind source separation, Clustering, Normalization, Reverberation, Sparseness, Speech separation}
}

@article{Faller2004SourceCoherence,
    title = {{Source localization in complex listening situations: Selection of binaural cues based on interaural coherence}},
    year = {2004},
    journal = {The Journal of the Acoustical Society of America},
    author = {Faller, Christof and Merimaa, Juha},
    number = {5},
    pages = {3075--3089},
    volume = {116},
    url = {https://infoscience.epfl.ch/record/54883/files/fallermerimaa04.pdf http://asa.scitation.org/doi/10.1121/1.1791872},
    isbn = {0001-4966},
    doi = {10.1121/1.1791872},
    issn = {0001-4966},
    pmid = {15603153}
}

@article{Sawada2011UnderdeterminedAlignment,
    title = {{Underdetermined convolutive blind source separation via frequency bin-wise clustering and permutation alignment}},
    year = {2011},
    journal = {IEEE Transactions on Audio, Speech and Language Processing},
    author = {Sawada, Hiroshi and Araki, Shoko and Makino, Shoji},
    number = {3},
    month = {3},
    pages = {516--527},
    volume = {19},
    url = {http://ieeexplore.ieee.org/document/5473129/},
    isbn = {1558-7916},
    doi = {10.1109/TASL.2010.2051355},
    issn = {15587916},
    keywords = {Blind source separation (BSS), convolutive mixture, expectationmaximization (EM) algorithm, permutation problem, short-time Fourier transform (STFT), sparseness, timefrequency (TF) masking}
}

@inproceedings{Jafari2014Time-frequencySeparation,
    title = {{Time-frequency clustering with weighted and contextual information for convolutive blind source separation}},
    year = {2014},
    booktitle = {IEEE Workshop on Statistical Signal Processing Proceedings},
    author = {Jafari, Ingrid and Atcheson, Matt and Togneri, Roberto and Nordholm, Sven},
    month = {6},
    pages = {157--160},
    publisher = {IEEE},
    url = {http://ieeexplore.ieee.org/lpdocs/epic03/wrapper.htm?arnumber=6884599},
    isbn = {9781479949755},
    doi = {10.1109/SSP.2014.6884599},
    keywords = {blind source separation, contextual information, fuzzy c-means clustering, observation weights, time-frequency masking}
}